@article{shi2006unsupervised,
  title={Unsupervised learning with random forest predictors},
  author={Shi, Tao and Horvath, Steve},
  journal={Journal of Computational and Graphical Statistics},
  volume={15},
  number={1},
  pages={118--138},
  year={2006},
  publisher={Taylor \& Francis}
}
@inproceedings{kruber2018unsupervised,
  title={An unsupervised random forest clustering technique for automatic traffic scenario categorization},
  author={Kruber, Friedrich and Wurst, Jonas and Botsch, Michael},
  booktitle={2018 21st International Conference on Intelligent Transportation Systems (ITSC)},
  pages={2811--2818},
  year={2018},
  organization={IEEE}
}
@article{Kruber2019UnsupervisedAS,
  title={Unsupervised and Supervised Learning with the Random Forest Algorithm for Traffic Scenario Clustering and Classification},
  author={Friedrich Kruber and Jonas Wurst and Eduardo S{\'a}nchez Morales and Samarjit Chakraborty and Michael Botsch},
  journal={2019 IEEE Intelligent Vehicles Symposium (IV)},
  year={2019},
  pages={2463-2470}
}
@inproceedings{liu2000clustering,
  title={Clustering through decision tree construction},
  author={Liu, Bing and Xia, Yiyuan and Yu, Philip S},
  booktitle={Proceedings of the ninth international conference on Information and knowledge management},
  pages={20--29},
  year={2000}
}
@inproceedings{highDdataset,
  title={The highD Dataset: A Drone Dataset of Naturalistic Vehicle Trajectories on German Highways for Validation of Highly Automated Driving Systems},
  author={Krajewski, Robert and Bock, Julian and Kloeker, Laurent and Eckstein, Lutz},
  booktitle={2018 21st International Conference on Intelligent Transportation Systems (ITSC)},
  pages={2118-2125},
  year={2018},
  doi={10.1109/ITSC.2018.8569552}}

@inproceedings{benmimoun2011incident,
  title={Incident detection based on vehicle CAN-data within the large scale field operational test "euroFOT"},
  author={Benmimoun, Mohamed and Fahrenkrog, Felix and Zlocki, Adrian and Eckstein, Lutz},
  booktitle={22nd Enhanced Safety of Vehicles Conference (ESV 2011), Washington, DC/USA},
  year={2011}
}
@article{geiger2013vision,
  title={Vision meets robotics: The kitti dataset},
  author={Geiger, Andreas and Lenz, Philip and Stiller, Christoph and Urtasun, Raquel},
  journal={The International Journal of Robotics Research},
  volume={32},
  number={11},
  pages={1231--1237},
  year={2013},
  publisher={Sage Publications Sage UK: London, England}
}
@inproceedings{cordts2016cityscapes,
  title={The cityscapes dataset for semantic urban scene understanding},
  author={Cordts, Marius and Omran, Mohamed and Ramos, Sebastian and Rehfeld, Timo and Enzweiler, Markus and Benenson, Rodrigo and Franke, Uwe and Roth, Stefan and Schiele, Bernt},
  booktitle={Proceedings of the IEEE conference on computer vision and pattern recognition},
  pages={3213--3223},
  year={2016}
}
@inproceedings{althoff2017commonroad,
  title={CommonRoad: Composable benchmarks for motion planning on roads},
  author={Althoff, Matthias and Koschi, Markus and Manzinger, Stefanie},
  booktitle={2017 IEEE Intelligent Vehicles Symposium (IV)},
  pages={719--726},
  year={2017},
  organization={IEEE}
}
@article{colyar2007us,
  title={US highway 101 dataset},
  author={Colyar, James and Halkias, John},
  journal={Federal Highway Administration (FHWA), Tech. Rep. FHWA-HRT-07-030},
  year={2007}
}
@article{halkias2006ngsim,
  title={NGSIM interstate 80 freeway dataset},
  author={Halkias, John and Colyar, James},
  journal={US Federal Highway Administration, FHWA-HRT-06-137, Washington, DC, USA},
  year={2006}
}
@article{shalev2017formal,
  title={On a formal model of safe and scalable self-driving cars},
  author={Shalev-Shwartz, Shai and Shammah, Shaked and Shashua, Amnon},
  journal={arXiv preprint arXiv:1708.06374},
  year={2017}
}
@article{zhao2017lab,
  title={From the lab to the street: Solving the challenge of accelerating automated vehicle testing},
  author={Zhao, Ding and Peng, Huei},
  journal={arXiv preprint arXiv:1707.04792},
  year={2017}
}
@misc{matthaeia2015autonomous,
  title={Autonomous Driving: Technical, Legal and Social Aspects},
  author={Matthaeia, R and Reschkaa, A and Riekena, J and Dierkesa, F and Ulbricha, S and Winkleb, T and Maurera, M},
  year={2015},
  publisher={Springer, Berlin}
}
@misc{highdtools,
  title = {Matlab and Python source code to handle the data, and create visualizations for highD dataset},
  howpublished = {\url{https://github.com/RobertKrajewski/highD-dataset}},
  note = {Accessed: 2019-11-13}
}

@inproceedings{sklearn_api,
  author    = {Lars Buitinck and Gilles Louppe and Mathieu Blondel and
               Fabian Pedregosa and Andreas Mueller and Olivier Grisel and
               Vlad Niculae and Peter Prettenhofer and Alexandre Gramfort
               and Jaques Grobler and Robert Layton and Jake VanderPlas and
               Arnaud Joly and Brian Holt and Ga{\"{e}}l Varoquaux},
  title     = {{API} design for machine learning software: experiences from the scikit-learn
               project},
  booktitle = {ECML PKDD Workshop: Languages for Data Mining and Machine Learning},
  year      = {2013},
  pages = {108--122},
}

@misc{pegasus,
  title = {PEGASUS Research Project},
  howpublished = {\url{https://www.pegasusprojekt.de}},
  note = {Accessed: 2020-01-13}
}

