@inproceedings{highDdataset,
  title={The highD Dataset: A Drone Dataset of Naturalistic Vehicle Trajectories on German Highways for Validation of Highly Automated Driving Systems},
  author={Krajewski, Robert and Bock, Julian and Kloeker, Laurent and Eckstein, Lutz},
  booktitle={2018 21st International Conference on Intelligent Transportation Systems (ITSC)},
  pages={2118-2125},
  year={2018},
  doi={10.1109/ITSC.2018.8569552}}

@inproceedings{benmimoun2011incident,
  title={Incident detection based on vehicle CAN-data within the large scale field operational test “euroFOT”},
  author={Benmimoun, Mohamed and Fahrenkrog, Felix and Zlocki, Adrian and Eckstein, Lutz},
  booktitle={22nd Enhanced Safety of Vehicles Conference (ESV 2011), Washington, DC/USA},
  year={2011}
}
